@Manual{R-base,
  title = {R: A Language and Environment for Statistical Computing},
  author = {{R Core Team}},
  organization = {R Foundation for Statistical Computing},
  address = {Vienna, Austria},
  year = {2021},
  url = {https://www.R-project.org/},
}

@Manual{R-bookdown,
  title = {bookdown: Authoring Books and Technical Documents with R Markdown},
  author = {Yihui Xie},
  year = {2021},
  note = {R package version 0.22},
  url = {https://CRAN.R-project.org/package=bookdown},
}

@Manual{R-cluster,
  title = {cluster: "Finding Groups in Data": Cluster Analysis Extended Rousseeuw et
al.},
  author = {Martin Maechler and Peter Rousseeuw and Anja Struyf and Mia Hubert},
  year = {2021},
  note = {R package version 2.1.2},
  url = {https://svn.r-project.org/R-packages/trunk/cluster/},
}

@Manual{R-colorblindr,
  title = {colorblindr: Simulate colorblindness in R figures},
  author = {Claire D. McWhite and Claus O. Wilke},
  year = {2020},
  note = {R package version 0.1.0},
  url = {https://github.com/clauswilke/colorblindr},
}

@Manual{R-colorspace,
  title = {colorspace: A Toolbox for Manipulating and Assessing Colors and Palettes},
  author = {Ross Ihaka and Paul Murrell and Kurt Hornik and Jason C. Fisher and Reto Stauffer and Claus O. Wilke and Claire D. McWhite and Achim Zeileis},
  year = {2021},
  note = {R package version 2.0-2},
  url = {https://CRAN.R-project.org/package=colorspace},
}

@Manual{R-cowplot,
  title = {cowplot: Streamlined Plot Theme and Plot Annotations for ggplot2},
  author = {Claus O. Wilke},
  year = {2020},
  note = {R package version 1.1.1},
  url = {https://wilkelab.org/cowplot/},
}

@Manual{R-dbscan,
  title = {dbscan: Density Based Clustering of Applications with Noise (DBSCAN) and
Related Algorithms},
  author = {Michael Hahsler and Matthew Piekenbrock},
  year = {2021},
  note = {R package version 1.1-8},
  url = {https://github.com/mhahsler/dbscan},
}

@Manual{R-dplyr,
  title = {dplyr: A Grammar of Data Manipulation},
  author = {Hadley Wickham and Romain François and Lionel Henry and Kirill Müller},
  year = {2021},
  note = {R package version 1.0.7},
  url = {https://CRAN.R-project.org/package=dplyr},
}

@Manual{R-entropy,
  title = {entropy: Estimation of Entropy, Mutual Information and Related Quantities},
  author = {Jean Hausser and Korbinian Strimmer},
  year = {2021},
  note = {R package version 1.3.0},
  url = {http://www.strimmerlab.org/software/entropy/},
}

@Manual{R-extrafont,
  title = {extrafont: Tools for using fonts},
  author = {Winston Chang,},
  year = {2014},
  note = {R package version 0.17},
  url = {https://github.com/wch/extrafont},
}

@Manual{R-forcats,
  title = {forcats: Tools for Working with Categorical Variables (Factors)},
  author = {Hadley Wickham},
  year = {2021},
  note = {R package version 0.5.1},
  url = {https://CRAN.R-project.org/package=forcats},
}

@Manual{R-GGally,
  title = {GGally: Extension to ggplot2},
  author = {Barret Schloerke and Di Cook and Joseph Larmarange and Francois Briatte and Moritz Marbach and Edwin Thoen and Amos Elberg and Jason Crowley},
  year = {2021},
  note = {R package version 2.1.2},
  url = {https://CRAN.R-project.org/package=GGally},
}

@Manual{R-gghalves,
  title = {gghalves: Compose Half-Half Plots Using Your Favourite Geoms},
  author = {Frederik Tiedemann},
  year = {2020},
  note = {R package version 0.1.1},
  url = {https://github.com/erocoar/gghalves},
}

@Manual{R-ggplot2,
  title = {ggplot2: Create Elegant Data Visualisations Using the Grammar of Graphics},
  author = {Hadley Wickham and Winston Chang and Lionel Henry and Thomas Lin Pedersen and Kohske Takahashi and Claus Wilke and Kara Woo and Hiroaki Yutani and Dewey Dunnington},
  year = {2021},
  note = {R package version 3.3.5},
  url = {https://CRAN.R-project.org/package=ggplot2},
}

@Manual{R-ggpubr,
  title = {ggpubr: ggplot2 Based Publication Ready Plots},
  author = {Alboukadel Kassambara},
  year = {2020},
  note = {R package version 0.4.0},
  url = {https://rpkgs.datanovia.com/ggpubr/},
}

@Manual{R-here,
  title = {here: A Simpler Way to Find Your Files},
  author = {Kirill Müller},
  year = {2020},
  note = {R package version 1.0.1},
  url = {https://CRAN.R-project.org/package=here},
}

@Manual{R-jsonlite,
  title = {jsonlite: A Simple and Robust JSON Parser and Generator for R},
  author = {Jeroen Ooms},
  year = {2020},
  note = {R package version 1.7.2},
  url = {https://CRAN.R-project.org/package=jsonlite},
}

@Manual{R-kableExtra,
  title = {kableExtra: Construct Complex Table with kable and Pipe Syntax},
  author = {Hao Zhu},
  year = {2021},
  note = {http://haozhu233.github.io/kableExtra/,
https://github.com/haozhu233/kableExtra},
}

@Manual{R-knitr,
  title = {knitr: A General-Purpose Package for Dynamic Report Generation in R},
  author = {Yihui Xie},
  year = {2021},
  note = {R package version 1.33},
  url = {https://yihui.org/knitr/},
}

@Manual{R-network,
  title = {network: Classes for Relational Data},
  author = {Carter T. Butts},
  year = {2021},
  note = {R package version 1.17.1},
  url = {http://statnet.org/},
}

@Manual{R-plotly,
  title = {plotly: Create Interactive Web Graphics via plotly.js},
  author = {Carson Sievert and Chris Parmer and Toby Hocking and Scott Chamberlain and Karthik Ram and Marianne Corvellec and Pedro Despouy},
  year = {2021},
  note = {R package version 4.9.4.1},
  url = {https://CRAN.R-project.org/package=plotly},
}

@Manual{R-purrr,
  title = {purrr: Functional Programming Tools},
  author = {Lionel Henry and Hadley Wickham},
  year = {2020},
  note = {R package version 0.3.4},
  url = {https://CRAN.R-project.org/package=purrr},
}

@Manual{R-readr,
  title = {readr: Read Rectangular Text Data},
  author = {Hadley Wickham and Jim Hester},
  year = {2020},
  note = {R package version 1.4.0},
  url = {https://CRAN.R-project.org/package=readr},
}

@Manual{R-readxl,
  title = {readxl: Read Excel Files},
  author = {Hadley Wickham and Jennifer Bryan},
  year = {2019},
  note = {R package version 1.3.1},
  url = {https://CRAN.R-project.org/package=readxl},
}

@Manual{R-rmarkdown,
  title = {rmarkdown: Dynamic Documents for R},
  author = {JJ Allaire and Yihui Xie and Jonathan McPherson and Javier Luraschi and Kevin Ushey and Aron Atkins and Hadley Wickham and Joe Cheng and Winston Chang and Richard Iannone},
  year = {2021},
  note = {R package version 2.9},
  url = {https://CRAN.R-project.org/package=rmarkdown},
}

@Manual{R-Rtsne,
  title = {Rtsne: T-Distributed Stochastic Neighbor Embedding using a Barnes-Hut
Implementation},
  author = {Jesse Krijthe},
  year = {2018},
  note = {R package version 0.15},
  url = {https://github.com/jkrijthe/Rtsne},
}

@Manual{R-semvar,
  title = {semvar: Semantic Variation},
  author = {Dirk Speelman and Kris Heylen},
  year = {2014},
  note = {R package version 0.1.1},
}

@Manual{R-shiny,
  title = {shiny: Web Application Framework for R},
  author = {Winston Chang and Joe Cheng and JJ Allaire and Carson Sievert and Barret Schloerke and Yihui Xie and Jeff Allen and Jonathan McPherson and Alan Dipert and Barbara Borges},
  year = {2021},
  note = {R package version 1.6.0},
  url = {https://shiny.rstudio.com/},
}

@Manual{R-sna,
  title = {sna: Tools for Social Network Analysis},
  author = {Carter T. Butts},
  year = {2020},
  note = {R package version 2.6},
  url = {http://statnet.org},
}

@Manual{R-statnet.common,
  title = {statnet.common: Common R Scripts and Utilities Used by the Statnet Project
Software},
  author = {Pavel N. Krivitsky},
  year = {2021},
  note = {R package version 4.5.0},
  url = {https://statnet.org},
}

@Manual{R-stringr,
  title = {stringr: Simple, Consistent Wrappers for Common String Operations},
  author = {Hadley Wickham},
  year = {2019},
  note = {R package version 1.4.0},
  url = {https://CRAN.R-project.org/package=stringr},
}

@Manual{R-tibble,
  title = {tibble: Simple Data Frames},
  author = {Kirill Müller and Hadley Wickham},
  year = {2021},
  note = {R package version 3.1.2},
  url = {https://CRAN.R-project.org/package=tibble},
}

@Manual{R-tidyr,
  title = {tidyr: Tidy Messy Data},
  author = {Hadley Wickham},
  year = {2021},
  note = {R package version 1.1.3},
  url = {https://CRAN.R-project.org/package=tidyr},
}

@Manual{R-tidyverse,
  title = {tidyverse: Easily Install and Load the Tidyverse},
  author = {Hadley Wickham},
  year = {2021},
  note = {R package version 1.3.1},
  url = {https://CRAN.R-project.org/package=tidyverse},
}

@Manual{R-umap,
  title = {umap: Uniform Manifold Approximation and Projection},
  author = {Tomasz Konopka},
  year = {2020},
  note = {R package version 0.2.7.0},
  url = {https://github.com/tkonopka/umap},
}

@Manual{R-vegan,
  title = {vegan: Community Ecology Package},
  author = {Jari Oksanen and F. Guillaume Blanchet and Michael Friendly and Roeland Kindt and Pierre Legendre and Dan McGlinn and Peter R. Minchin and R. B. O'Hara and Gavin L. Simpson and Peter Solymos and M. Henry H. Stevens and Eduard Szoecs and Helene Wagner},
  year = {2020},
  note = {R package version 2.5-7},
  url = {https://CRAN.R-project.org/package=vegan},
}

@Book{bookdown2016,
  title = {bookdown: Authoring Books and Technical Documents with {R} Markdown},
  author = {Yihui Xie},
  publisher = {Chapman and Hall/CRC},
  address = {Boca Raton, Florida},
  year = {2016},
  note = {ISBN 978-1138700109},
  url = {https://bookdown.org/yihui/bookdown},
}

@Article{colorspace2020a,
  title = {{colorspace}: A Toolbox for Manipulating and Assessing Colors and Palettes},
  author = {Achim Zeileis and Jason C. Fisher and Kurt Hornik and Ross Ihaka and Claire D. McWhite and Paul Murrell and Reto Stauffer and Claus O. Wilke},
  journal = {Journal of Statistical Software},
  year = {2020},
  volume = {96},
  number = {1},
  pages = {1--49},
  doi = {10.18637/jss.v096.i01},
}

@Article{colorspace2009a,
  title = {Escaping {RGB}land: Selecting Colors for Statistical Graphics},
  author = {Achim Zeileis and Kurt Hornik and Paul Murrell},
  journal = {Computational Statistics \& Data Analysis},
  year = {2009},
  volume = {53},
  number = {9},
  pages = {3259--3270},
  doi = {10.1016/j.csda.2008.11.033},
}

@Article{colorspace2009b,
  title = {Somewhere over the Rainbow: How to Make Effective Use of Colors in Meteorological Visualizations},
  author = {Reto Stauffer and Georg J. Mayr and Markus Dabernig and Achim Zeileis},
  journal = {Bulletin of the American Meteorological Society},
  year = {2009},
  volume = {96},
  number = {2},
  pages = {203--216},
  doi = {10.1175/BAMS-D-13-00155.1},
}

@Article{dbscan2019,
  title = {{dbscan}: Fast Density-Based Clustering with {R}},
  author = {Michael Hahsler and Matthew Piekenbrock and Derek Doran},
  journal = {Journal of Statistical Software},
  year = {2019},
  volume = {91},
  number = {1},
  pages = {1--30},
  doi = {10.18637/jss.v091.i01},
}

@Book{ggplot22016,
  author = {Hadley Wickham},
  title = {ggplot2: Elegant Graphics for Data Analysis},
  publisher = {Springer-Verlag New York},
  year = {2016},
  isbn = {978-3-319-24277-4},
  url = {https://ggplot2.tidyverse.org},
}

@Article{jsonlite2014,
  title = {The jsonlite Package: A Practical and Consistent Mapping Between JSON Data and R Objects},
  author = {Jeroen Ooms},
  journal = {arXiv:1403.2805 [stat.CO]},
  year = {2014},
  url = {https://arxiv.org/abs/1403.2805},
}

@Book{knitr2015,
  title = {Dynamic Documents with {R} and knitr},
  author = {Yihui Xie},
  publisher = {Chapman and Hall/CRC},
  address = {Boca Raton, Florida},
  year = {2015},
  edition = {2nd},
  note = {ISBN 978-1498716963},
  url = {https://yihui.org/knitr/},
}

@InCollection{knitr2014,
  booktitle = {Implementing Reproducible Computational Research},
  editor = {Victoria Stodden and Friedrich Leisch and Roger D. Peng},
  title = {knitr: A Comprehensive Tool for Reproducible Research in {R}},
  author = {Yihui Xie},
  publisher = {Chapman and Hall/CRC},
  year = {2014},
  note = {ISBN 978-1466561595},
  url = {http://www.crcpress.com/product/isbn/9781466561595},
}

@Article{network2008,
  title = {network: a Package for Managing Relational Data in R.},
  author = {Carter T. Butts},
  journal = {Journal of Statistical Software},
  year = {2008},
  volume = {24},
  number = {2},
  url = {https://www.jstatsoft.org/v24/i02/paper},
}

@Book{plotly2020,
  author = {Carson Sievert},
  title = {Interactive Web-Based Data Visualization with R, plotly, and shiny},
  publisher = {Chapman and Hall/CRC},
  year = {2020},
  isbn = {9781138331457},
  url = {https://plotly-r.com},
}

@Book{rmarkdown2018,
  title = {R Markdown: The Definitive Guide},
  author = {Yihui Xie and J.J. Allaire and Garrett Grolemund},
  publisher = {Chapman and Hall/CRC},
  address = {Boca Raton, Florida},
  year = {2018},
  note = {ISBN 9781138359338},
  url = {https://bookdown.org/yihui/rmarkdown},
}

@Book{rmarkdown2020,
  title = {R Markdown Cookbook},
  author = {Yihui Xie and Christophe Dervieux and Emily Riederer},
  publisher = {Chapman and Hall/CRC},
  address = {Boca Raton, Florida},
  year = {2020},
  note = {ISBN 9780367563837},
  url = {https://bookdown.org/yihui/rmarkdown-cookbook},
}

@Article{Rtsne2008,
  title = {Visualizing High-Dimensional Data Using t-SNE},
  volume = {9},
  pages = {2579-2605},
  year = {2008},
  author = {L.J.P. {van der Maaten} and G.E. Hinton},
  journal = {Journal of Machine Learning Research},
}

@Article{Rtsne2014,
  title = {Accelerating t-SNE using Tree-Based Algorithms},
  volume = {15},
  pages = {3221-3245},
  year = {2014},
  author = {L.J.P. {van der Maaten}},
  journal = {Journal of Machine Learning Research},
}

@Article{tidyverse2019,
  title = {Welcome to the {tidyverse}},
  author = {Hadley Wickham and Mara Averick and Jennifer Bryan and Winston Chang and Lucy D'Agostino McGowan and Romain François and Garrett Grolemund and Alex Hayes and Lionel Henry and Jim Hester and Max Kuhn and Thomas Lin Pedersen and Evan Miller and Stephan Milton Bache and Kirill Müller and Jeroen Ooms and David Robinson and Dana Paige Seidel and Vitalie Spinu and Kohske Takahashi and Davis Vaughan and Claus Wilke and Kara Woo and Hiroaki Yutani},
  year = {2019},
  journal = {Journal of Open Source Software},
  volume = {4},
  number = {43},
  pages = {1686},
  doi = {10.21105/joss.01686},
}

